% This is actually just the bibliography from my old proposal, and needs to be
% modified to have the references I *actually* want.

@article{probetheory,
    author = "D.A. {De Vries} and A.J. Peck",
    year = "1957",
    title = "On The Cylindrical Probe Method of Measuring Thermal Conductivity with Special Reference to Soils I. Extension of Theory and Discussion of Probe Characteristics",
    journal = "Australian Journal of Physics",
    volume = "11",
    pages = "255"
}

@article{sturm1,
    author = "Matthew Sturm and Donald K. Perovich and Jon Holmgren",
    year = "2002",
    title = "Thermal Conductivity and Heat Transfer Through the Snow on the Ice of the Beaufort Sea",
    journal = "Journal of Geophysical Research",
    volume = "107",
    number = "C21"
}

@article{sturm2,
    author = "Matthew Sturm and Jerome B. Johnson",
    year = "1992",
    title = "Thermal Conductivity Measurements of Depth Hoar",
    journal = "Journal of Geophysical Research",
    volume = "97",
    number = "B2",
    pages = "2129--2139"
}

@article{sturm3,
    author = "M. Sturm and J.B. Johnson",
    year = "1991",
    title = "Natural Convection in the Subarctic Snow Cover",
    journal = "Journal of Geophysical Research",
    volume = "96",
    number = "B7",
    pages = "11675--11671"
}

@article{temprange,
    author = "Jaakko Putkonen",
    year = "2003",
    title = "Determination of Frozen Soil Thermal Properties by Heated Needle Probe",
    journal = "Permafrost and Periglacial Processes",
    volume = "14",
    pages = "343--347"
}


@article{conductivitymodels,
    author = "T.S. Yun and J.C. Santamarina",
    year = "2008",
    title = "Fundamental study of thermal conduction in dry soils",
    journal = "Granular Matter",
    volume = "10",
    pages = "197--207"
}

@article{ktb,
    author = "E. Huenges and H. Burkhardt and K. Erbas",
    year = "1990",
    title = "Thermal Conductivity Profile of the {KTB} Pilot Corehole",
    journal = "Scientific Drilling",
    volume = "1",
    pages = "224--230"
}

@article{mustructure1,
    author = "P.K. Satyawalio and A.K. Singh",
    year = "2008",
    title = "Dependence of Thermal Conductivity of Snow on Microstructure",
    journal = "Journal of Earth Systems Science",
    volume = "117",
    number = "4",
    pages = "465--475"
}

@article{mustructure2,
    author = "T.U. Kaempfer and M. Schneebeli and S.A. Sokratov",
    year = "2005",
    title = "A Microstructural Approach to Model Heat Transfer in Snow",
    journal = "Geophysical Research Letters",
    volume = "32"
}

misc{ellipsoid,
    title = "Ellipsoid",
    year = "2010",
    month = "March",
    day = "4",
    howpublished = "http://en.wikipedia.org/wiki/Ellipsoid"
}

@article{werc,
    author = "P.P. Overduin and D.L. Kane and W.K.P. {van Loon}",
    year = "2006",
    title = "Measuring thermal conductivity in freezing and thawing soil using the soil temperature response to heating",
    journal = "Cold Regions Science and Technology",
    volume = "45",
    pages = "8--22"
}
